% This file was created with JabRef 2.10b2.
% Encoding: Cp1252


@Book{Beauchamp1975,
  Title                    = {Walsh functions and their applications},
  Author                   = {KG Beauchamp},
  Publisher                = {Academic Press},
  Year                     = {1975},

  Owner                    = {mahendra},
  Timestamp                = {2016.08.12}
}

@Article{CooleyTukey1965,
  Title                    = {An Algorithm for the Machine Calculation of Complex Fourier Series},
  Author                   = {James W. Cooley and John W. Tukey},
  Journal                  = {Mathematics of Computation},
  Year                     = {1965},
  Number                   = {90},
  Pages                    = {297--301},
  Volume                   = {19},

  Owner                    = {mahendra},
  Timestamp                = {2016.08.12}
}

@Book{CrowKimura,
  Title                    = {An introduction to population genetics theory},
  Author                   = {J.F. Crow and M. Kimura},
  Publisher                = {New York, Evanston and London: Harper \& Row},
  Year                     = {1970},

  Owner                    = {mahendra},
  Timestamp                = {2016.09.12}
}

@Article{Geiringer1944,
  Title                    = {On the probability theory of linkage in Mendelian heredity},
  Author                   = {H. Geiringer},
  Journal                  = {Ann. Math. Stat.},
  Year                     = {1944},
  Number                   = {1},
  Pages                    = {25-27},
  Volume                   = {15},

  Owner                    = {mahendra},
  Timestamp                = {2016.08.10}
}

@Article{Hardy1908,
  Title                    = {Mendelian Proportions in a Mixed Population},
  Author                   = {G. H. Hardy},
  Journal                  = {Science},
  Year                     = {1908},
  Number                   = {706},
  Pages                    = {49-50},
  Volume                   = {28},

  Owner                    = {mahendra},
  Timestamp                = {2016.08.10}
}

@Article{Mendel1866,
  Title                    = {Versuche {\"u}ber Plflanzenhybriden},
  Author                   = {G. Mendel},
  Journal                  = {Verhandlungen des naturforschenden Vereines in Br{\"u}nn},
  Year                     = {1865},
  Pages                    = {3--47},
  Volume                   = {IV},

  Owner                    = {mahendra},
  Timestamp                = {2016.08.11}
}

@Article{Shanks1969,
  Title                    = {Computation of the Fast Walsh-Fourier Transform},
  Author                   = {Shanks, J. L.},
  Journal                  = {IEEE Trans. Comput.},
  Year                     = {1969},
  Number                   = {5},
  Pages                    = {457--459},
  Volume                   = {18},

  Owner                    = {mahendra},
  Timestamp                = {2016.08.12}
}

@Article{Vose1999b,
  Title                    = {Random heuristic search},
  Author                   = {Michael D. Vose},
  Journal                  = {Theoretical Computer Science},
  Year                     = {1999},

  Owner                    = {mahendra},
  Timestamp                = {2016.08.10}
}

@Book{Vose1999,
  Title                    = {The simple genetic algorithm: foundations and theory},
  Author                   = {Vose, Michael D},
  Publisher                = {MIT press},
  Year                     = {1999},
  Volume                   = {12},

  Owner                    = {mahendra},
  Timestamp                = {2016.09.12}
}

@Article{VoseWright1998,
  Title                    = {The Simple Genetic Algorithm and the Walsh Transform: Part I, Theory},
  Author                   = {Michael D. Vose and Alden H. Wright},
  Journal                  = {Evol. Comput.},
  Year                     = {1998},

  Month                    = {sep},
  Number                   = {3},
  Pages                    = {253--273},
  Volume                   = {6},

  Owner                    = {mahendra},
  Timestamp                = {2016.08.11}
}

@Article{VoseWright1998b,
  Title                    = {The Simple Genetic Algorithm and the Walsh Transform: Part II, The Inverse},
  Author                   = {Michael D. Vose and Alden H. Wright},
  Journal                  = {Evol. Comput.},
  Year                     = {1998},
  Number                   = {3},
  Pages                    = {275--289},
  Volume                   = {6},

  Owner                    = {mahendra},
  Timestamp                = {2016.08.12}
}

@Electronic{JensenInequality,
  Title                    = {Jensen's Inequality},
  Author                   = {Wikipedia, Contributors},
  Month                    = {10},
  Organization             = {Wikipedia, The Free Encyclopedia},
  Url                      = {https://en.wikipedia.org/w/index.php?title=Jensen%27s_inequality&oldid=738863949},
  Year                     = {2016},

  Owner                    = {mahendra},
  Timestamp                = {2016.09.26}
}

